% This file was created with JabRef 2.9b2.
% Encoding: ISO8859_1

@ARTICLE{Geim2001,
  author = {Geim, A. K. and ter Tisha, H. A. M. S.},
  title = {Detection of earth rotation with a diamagnetically levitating gyroscope},
  journal = {Physica B: Condensed Matter},
  year = {2001},
  volume = {294--295},
  pages = {736--739},
  quality = {1}
}

@article{DBLP:journals/corr/RonnebergerFB15,
  author    = {Olaf Ronneberger and
               Philipp Fischer and
               Thomas Brox},
  title     = {U-Net: Convolutional Networks for Biomedical Image Segmentation},
  journal   = {CoRR},
  volume    = {abs/1505.04597},
  year      = {2015},
  url       = {http://arxiv.org/abs/1505.04597},
  archivePrefix = {arXiv},
  eprint    = {1505.04597},
  timestamp = {Mon, 13 Aug 2018 16:46:52 +0200},
  biburl    = {https://dblp.org/rec/bib/journals/corr/RonnebergerFB15},
  bibsource = {dblp computer science bibliography, https://dblp.org}
}
